@book{sadiku2015,
  title={Fundamentals of Electric Circuits},
  author={Sadiku, Matthew N. O. and Alexander, Charles K.},
  year={2015},
  edition={6th},
  publisher={McGraw-Hill Education},
  isbn={9780078028229}
}

@book{boylestad2016,
  title={Electronic Devices and Circuit Theory},
  author={Boylestad, Robert L. and Nashelsky, Louis},
  year={2016},
  edition={11th},
  publisher={Pearson},
  isbn={9780133944973}
}

@misc{ufs2016,
  author       = {UFS},
  title        = {Apostila de Laboratório de Física B – 2016/2},
  year         = {2016},
  url          = {https://dfi.ufs.br/uploads/page_attach/path/2087/1e2LeiOhm_20162.pdf},
  note         = {Acessado em: 5 de outubro de 2024}
}
