@misc{loja_severo_roth_2024,
  author       = {Severo Roth},
  title        = {Orçamento de peças eletrônicas},
  year         = {2024},
  note         = {Loja Severo Roth, Porto Alegre, RS. Orçamento recebido em formato impresso.},
}

@misc{eletronica_system_2024,
  author       = {Eletrônica System},
  title        = {Orçamento de componentes eletrônicos},
  year         = {2024},
  note         = {Loja Eletrônica System, Porto Alegre, RS. Orçamento recebido via e-mail.},
}

@misc{radional_2024,
  author       = {Radional},
  title        = {Orçamento de equipamentos eletrônicos},
  year         = {2024},
  note         = {Loja Radional, Porto Alegre, RS. Orçamento recebido presencialmente.},
}

@techreport{nome_do_autor,
  author       = {SeuNomeCompleto},
  title        = {Cronograma de Projeto de Engenharia Eletrônica},
  institution  = {Nome da Instituição ou Universidade},
  year         = {2024},
  note         = {Cronograma elaborado para acompanhamento do desenvolvimento do projeto de engenharia eletrônica.},
  month        = {Outubro}
}

@misc{geogebra,
  author       = {{GeoGebra Team}},
  title        = {GeoGebra - Dynamic Mathematics for Everyone},
  howpublished = {\url{https://www.geogebra.org/}},
  year         = {2024},
  note         = {Online; acessado em 6 de outubro de 2024}
}

@misc{tinkercad,
  author       = {{Autodesk Inc.}},
  title        = {Tinkercad - 3D Design, Electronics, and Coding},
  howpublished = {\url{https://www.tinkercad.com/}},
  year         = {2024},
  note         = {Online; acessado em 6 de outubro de 2024}
}

@misc{tinati,
  author       = {{Texas Instruments}},
  title        = {TINA-TI - SPICE-Based Analog Simulation Program},
  howpublished = {\url{https://www.ti.com/tool/TINA-TI}},
  year         = {2024},
  note         = {Software; acessado em 6 de outubro de 2024}
}

@manual{arduinoIDE,
  title        = {Arduino IDE},
  author       = {{Arduino}},
  organization = {Arduino},
  year         = {2023},
  url          = {https://www.arduino.cc/en/software},
  note         = {Version 2.1.1}
}
